@article{griffin1988multiband,
  title={Multiband excitation vocoder},
  author={Griffin, Daniel W and Lim, Jae S},
  journal={IEEE Transactions on acoustics, speech, and signal processing},
  volume={36},
  number={8},
  pages={1223--1235},
  year={1988},
  publisher={IEEE}
}
@book{rowe1997techniques,
  title={Techniques for harmonic sinusoidal coding},
  author={Rowe, David Grant},
  year={1997},
  publisher={Citeseer},
  note = {\url{https://www.rowetel.com/downloads/1997_rowe_phd_thesis.pdf}}
}

@misc{ardc2023,
  title = {{Enhancing HF Digital Voice with FreeDV}},
  year = {2023}, 
  note = {\url{https://www.ardc.net/apply/grants/2023-grants/enhancing-hf-digital-voice-with-freedv/}}
}

